%% This BibTeX bibliography file was created using BibDesk.
%% http://bibdesk.sourceforge.net/


%% Created for Yuval Yarom at 2013-09-10 23:16:02 +0930 


%% Saved with string encoding Unicode (UTF-8) 



@inproceedings{joye03montgomery,
	Author = {Joye, Marc and Yen, Sung-Ming},
	Booktitle = {Cryptographic Hardware and Embedded Systems---{CHES} 2002},
	Date-Added = {2013-09-10 13:36:24 +0000},
	Date-Modified = {2013-09-10 13:44:07 +0000},
	Editor = {Kaliski, Jr., Burton S. and Ko{\c c}, {\c C}etin Kaya and Paar, Christof},
	Pages = {291--302},
	Publisher = {Springer-Verlag},
	Series = {Lecture Notes in Computer Science},
	Title = {The {Montgomery} Powering Ladder},
	Volume = {2523},
	Year = {2003}}

@article{montgomery87speeding,
	Author = {Montgomery, Peter L.},
	Date-Added = {2013-09-10 13:31:52 +0000},
	Date-Modified = {2013-09-10 13:34:29 +0000},
	Journal = {Mathematics of Computation},
	Month = {January},
	Number = {177},
	Pages = {243--264},
	Title = {Speeding the {Pollard} and Elliptic Curve Methods of Factorization},
	Volume = {48},
	Year = {1987}}

@misc{openssl,
	Author = {{OpenSSL}},
	Date-Added = {2013-09-10 13:10:11 +0000},
	Date-Modified = {2013-09-10 13:46:00 +0000},
	Howpublished = {\url{http://www.openssl.org}}}

@inproceedings{walter04longer,
	Author = {Walter, Colin D.},
	Booktitle = {Selected Areas in Cryptography},
	Date-Added = {2013-09-10 12:06:14 +0000},
	Date-Modified = {2013-09-10 12:08:20 +0000},
	Editor = {Matsui, Mitsuru and Zuccherato, Robert J.},
	Pages = {42--57},
	Publisher = {Springer-Verlag},
	Series = {Lecture Notes in Computer Science},
	Title = {Longer Keys May Facilitate Side Channel Attacks},
	Volume = {3006},
	Year = {2004}}

@article{koblitz87elliptic,
	Author = {Koblitz, Neal},
	Date-Added = {2013-09-10 11:41:33 +0000},
	Date-Modified = {2013-09-10 11:42:56 +0000},
	Journal = {Mathematics of Computation},
	Keywords = {Elliptic Curves},
	Month = {January},
	Number = {177},
	Pages = {203--209},
	Title = {Elliptic Curve Cryptosystems},
	Volume = {48},
	Year = {1987}}

@inproceedings{miller85use,
	Author = {Miller, Victor S.},
	Crossref = {crypto85},
	Date-Added = {2013-09-10 11:28:11 +0000},
	Date-Modified = {2013-09-10 11:30:09 +0000},
	Pages = {417--426},
	Title = {Use of Elliptic Curves in Cryptography}}

@book{CRYPTO85,
	Booktitle = {Advances in Cryptology - CRYPTO'85},
	Date-Added = {2013-09-10 11:24:48 +0000},
	Date-Modified = {2013-09-10 12:10:21 +0000},
	Editor = {Williams, Hugh C.},
	Publisher = {Springer-Verlag},
	Series = {Lecture Notes in Computer Science},
	Title = {Advances in Cryptology - CRYPTO'85},
	Volume = {218},
	Year = {1986}}

@article{nguyen03insecurity,
	Author = {Nguyen, Phong Q. and Shparlinski, Igor E.},
	Date-Added = {2013-09-10 11:00:19 +0000},
	Date-Modified = {2013-09-10 11:00:19 +0000},
	Journal = {Designs, Codes and Cryptography},
	Keywords = {--ReadingList, Elliptic Curves, Cryptography},
	Month = {September},
	Number = {2},
	Pages = {201--217},
	Title = {The Insecurity of the Elliptic Curve Digital Signature Algorithm with Partially Known Nonces},
	Volume = {30},
	Year = {2003}}

@inproceedings{brumley11remote,
	Author = {Brumley, Billy Bob and Tuveri, Nicola},
	Crossref = {ESORICS11},
	Date-Added = {2013-09-10 10:59:20 +0000},
	Date-Modified = {2013-09-10 11:33:44 +0000},
	Keywords = {Elliptic Curves, --ReadingList, Timing Attacks},
	Pages = {355--371},
	Title = {Remote Timing Attacks are Still Practical}}

@misc{nakamoto--bitcoin,
	Author = {Nakamoto, Satoshi},
	Date-Added = {2013-09-10 09:13:35 +0000},
	Date-Modified = {2013-09-10 09:15:39 +0000},
	Howpublished = {\url{http://bitcoin.org/bitcoin.pdf}},
	Title = {Bitcoin: A Peer-to-Peer Electronic Cash System}}

@manual{fips186,
	Date-Added = {2013-09-10 05:53:17 +0000},
	Date-Modified = {2013-09-10 05:55:04 +0000},
	Organization = {National Institute of Standards and Technology},
	Title = {Digital Signature Standard, FIPS Publication 186-2},
	Year = {2000}}

@manual{ansi962,
	Date-Added = {2013-09-10 05:43:21 +0000},
	Date-Modified = {2013-09-10 05:52:30 +0000},
	Organization = {American National Standards Institute},
	Title = {{ANSI X9.62}, Public Key Cryptography for the Financial Services Industry: The Elliptic Curve Digital Signature Algorithm},
	Year = {1999}}

@article{johnson01elliptic,
	Author = {Johnson, Don and Menezes, Alfred and Vanstone, Scott},
	Date-Added = {2013-09-10 05:17:03 +0000},
	Date-Modified = {2013-09-10 05:17:03 +0000},
	Journal = {International Journal of Information Security},
	Keywords = {Elliptic Curves, --ReadingList},
	Month = {August},
	Number = {1},
	Pages = {36--63},
	Title = {The Elliptic Curve Digital Signature Algorithm ({ECDSA})},
	Volume = {1},
	Year = {2001}}

@inproceedings{uht95disjoint,
	Address = {Ann Arbor, Michigan, United States},
	Author = {Uht, Augustus K. and Sindagi, Vijay},
	Booktitle = {Proceedings of the 28th International Symposium on Microarchitecture},
	Date-Added = {2013-09-08 00:38:09 +0000},
	Date-Modified = {2013-09-08 00:38:09 +0000},
	Month = {November},
	Pages = {313--325},
	Title = {Disjoint Eager Execution: An Optimal Form of Speculative Execution},
	Year = {1995}}

@manual{intel12optimization,
	Date-Added = {2013-09-08 00:25:11 +0000},
	Date-Modified = {2013-09-08 00:25:11 +0000},
	Keywords = {Intel},
	Month = {April},
	Organization = {Intel Corporation},
	Title = {Intel 64 and {IA-32} Architecture Optimization Reference Manual},
	Year = {2012}}

@book{ESORICS11,
	Booktitle = {Computer Security - ESORICS 2011},
	Date-Added = {2013-09-10 10:59:58 +0000},
	Date-Modified = {2013-09-10 12:10:57 +0000},
	Editor = {Atluri, Vijay and Diaz, Claudia},
	Publisher = {Springer-Verlag},
	Series = {Lecture Notes in Computer Science},
	Title = {Computer Security - ESORICS 2011},
	Volume = {6879},
	Year = {2011}}
