@inproceedings{joye_yen,
 author = {Joye, M. and Yen, S.-M.},
 title = {The Montgomery Powering Ladder},
 booktitle = {Revised Papers from the 4th International Workshop on Cryptographic Hardware and Embedded Systems},
 series = {CHES '02},
 year = {2003},
 pages = {291--302},
 acmid = {752716},
 publisher = {Springer-Verlag},
 address = {London, UK, UK}
} 

@article{mont87,
author = {Montgomery, P. L.},
title = {Speeding the Pollard and elliptic curve methods of factorization},
journal = {Mathematics of Computation},
volume = {48},
year = {1987},
pages = {243--264}
}

@article{fips,
author = {National Institute of Standards and Technology},
title = {FIPS PUB 186-4 Digital Signature Standard (DSS)},
pages = {26--30},
year = {2013},
publisher= {}
}